@thread{redditTFTS,
  title={Reddit: Tales From Tech Support},
  url={https://www.reddit.com/r/talesfromtechsupport/},
 year={2017}
}
@forum{dellforums,
  title={Dell Forums},
  url={https://books.google.com/books?id=l0egcQAACAAJ},
  year={2004}
}
@tool{gcflearnfree,
  title={Free independent troubleshooting helpdoc from GCF Learn Free},
  url={https://www.gcflearnfree.org/topics/computers/},
  year={2015}
}
@docs{OSUHD,
  title={Oregon State Help Docs},
  url={http://oregonstate.edu/helpdocs/},
  year={2018}
}